@inproceedings{fanc-2003-iccad,
    author={Fang, C.F. and Rutenbar, R.A. and Tsuhan Chen},
    booktitle={Computer Aided Design, 2003. ICCAD-2003. International Conference on},
    title={Fast, accurate static analysis for fixed-point finite-precision effects in DSP designs},
    year={2003},
    month={Nov},
    pages={275-282},
    doi={10.1109/ICCAD.2003.1257675}
}

@article{lee-2006-tcad,
    author = {Lee, D. U. and Gaffar, A. A. and Cheung, R. C.C. and Mencer, O. and Luk, W. and Constantinides, G. A.},
    title = {Accuracy-Guaranteed Bit-Width Optimization},
    journal = {Trans. Comp.-Aided Des. Integ. Cir. Sys.},
    issue_date = {October 2006},
    volume = {25},
    number = {10},
    month = oct,
    year = {2006},
    issn = {0278-0070},
    pages = {1990--2000},
    numpages = {11},
    url = {http://dx.doi.org/10.1109/TCAD.2006.873887},
    doi = {10.1109/TCAD.2006.873887},
    acmid = {2301497},
    publisher = {IEEE Press},
    address = {Piscataway, NJ, USA},
} 

@inproceedings{stephenson-2000-pldi,
    author = {Stephenson, M. and Babb, J. and Amarasinghe, S.},
    title = {Bidwidth Analysis with Application to Silicon Compilation},
    booktitle = {Proceedings of the ACM SIGPLAN 2000 Conference on Programming Language Design and Implementation},
    series = {PLDI '00},
    year = {2000},
    isbn = {1-58113-199-2},
    location = {Vancouver, British Columbia, Canada},
    pages = {108--120},
    numpages = {13},
    url = {http://doi.acm.org/10.1145/349299.349317},
    doi = {10.1145/349299.349317},
    acmid = {349317},
    publisher = {ACM},
    address = {New York, NY, USA},
} 

@misc{ClangInternalsManual,
    title = {Clang -- Internals Manual},
    howpublished = {\url{http://clang.llvm.org/docs/InternalsManual.html}}
}

@misc{LLVMHowToWriteAPass,
    title = {{LLVM} -- How to write a pass},
    howpublished = {\url{http://llvm.org/docs/WritingAnLLVMPass.html}}
}

@misc{LLVMProgrammersManual,
    title = {{LLVM} Programmer's Manual},
    howpublished = {\url{http://llvm.org/docs/ProgrammersManual.html}}
}
